<?xml version="1.0" encoding="UTF-8"?><record xmlns="http://www.loc.gov/MARC21/slim" xmlns:cinclude="http://apache.org/cocoon/include/1.0" xmlns:zs="http://www.loc.gov/zing/srw/">
  <leader>00528nz  a2200133n  4500</leader>
  <controlfield tag="001">nb 99012433 </controlfield>
  <controlfield tag="003">DLC</controlfield>
  <controlfield tag="005">19990127052018.7</controlfield>
  <controlfield tag="008">990126n| acannaab|          |n aaa     c</controlfield>
  <datafield tag="010" ind1=" " ind2=" ">
    <subfield code="a">nb 99012433 </subfield>
  </datafield>
  <datafield tag="040" ind1=" " ind2=" ">
    <subfield code="a">Uk</subfield>
    <subfield code="c">Uk</subfield>
  </datafield>
  <datafield tag="100" ind1="1" ind2="0">
    <subfield code="a">O'Gorman, Brian,</subfield>
    <subfield code="d">1936-</subfield>
  </datafield>
  <datafield tag="670" ind1=" " ind2=" ">
    <subfield code="a">Laughter in the roar, 1998:</subfield>
    <subfield code="b">t.p. (Brian O'Gorman) back cover (educated at St. George's Coll., and London Univ.; taught English in the Argentine for many years) BL AL sent 19 Jan. 1999</subfield>
  </datafield>
  <datafield tag="670" ind1=" " ind2=" ">
    <subfield code="a">BL AL recd. 26 Jan. 1999</subfield>
    <subfield code="b">(Brian Vincent O'Gorman, born 22 July 1936)</subfield>
  </datafield>
</record>